% This file was created with JabRef 2.10.
% Encoding: ISO8859_1


@Article{article,
  Title                    = {The title of the work},
  Author                   = {Peter Adams},
  Journal                  = {The name of the journal},
  Year                     = {1993},
  Month                    = {7},
  Note                     = {An optional note},
  Number                   = {2},
  Pages                    = {201-213},
  Volume                   = {4}
}

@Inbook{key2,
  Title                    = {Dissimilarity Analysis and Application to Visual Comparisons of Hidden Markov Models},
  Author                   = {S{\'e}bastien Aupetit and Nicolas Monmarch{\'e} and Liardet, Pierre and Mohamed Slimane},
  Booktitle                = {Foundations of Computational, Intelligence Volume 1},
  Year                     = {2009},
  Doi                      = {10.1007/978-3-642-01082-8_13},
  Editor                   = {Hassanien, Aboul-Ella and Abraham, Ajith and Vasilakos, AthanasiosV. and Pedrycz, Witold},
  ISBN                     = {978-3-642-01081-1, 978-3-642-01082-8},
  Pages                    = {333-361},
  Publisher                = {Springer Berlin Heidelberg},
  Series                   = {Studies in Computational Intelligence},
  Url                      = {http://dx.doi.org/10.1007/978-3-642-01082-8_13},
  Volume                   = {201},

  Annote                   = {blah blah},
  Organization             = {Springer Berlin Heidelberg}
}

@Inbook{key1,
  Title                    = {Hidden Markov Models Training Using Population-based Metaheuristics},
  Author                   = {S{\'e}bastien Aupetit and Nicolas Monmarch{\'e} and Mohamed Slimane},
  Booktitle                = {Advances in Metaheuristics for Hard Optimization},
  Year                     = {2008},
  Doi                      = {10.1007/978-3-540-72960-0_20},
  Editor                   = {Patrick Siarry and Michalewicz, Zbigniew},
  ISBN                     = {978-3-540-72959-4},
  Pages                    = {415-438},
  Publisher                = {Springer Berlin Heidelberg},
  Series                   = {Natural Computing Series},
  Url                      = {http://dx.doi.org/10.1007/978-3-540-72960-0_20},

  Address                  = {Berlin, Heidelberg},
  Organization             = {Springer Berlin Heidelberg}
}

@Book{book,
  Title                    = {The title of the work},
  Author                   = {Peter Babington},
  Year                     = {1993},
  Edition                  = {3},
  ISBN                     = {3257227892},
  Note                     = {An optional note},
  Publisher                = {The name of the publisher},
  Series                   = {10},
  Volume                   = {4},

  Address                  = {The address},
  Month                    = {7}
}

@Booklet{booklet,
  Title                    = {The title of the work},
  Author                   = {Peter Caxton},
  Year                     = {1993},
  HowPublished             = {How it was published},
  Note                     = {An optional note},

  Address                  = {The address of the publisher},
  Month                    = {7}
}

@Conference{conference,
  Title                    = {The title of the work},
  Author                   = {Peter Draper},
  Booktitle                = {The title of the book},
  Editor                   = {The editor},
  Year                     = {1993},
  Month                    = {7},
  Note                     = {An optional note},
  Organization             = {The organization},
  Pages                    = {213},
  Publisher                = {The publisher},
  Series                   = {5},
  Volume                   = {4},

  Address                  = {The address of the publisher}
}

@Inbook{inbook,
  Title                    = {The title of the work},
  Author                   = {Peter Eston},
  Year                     = {1993},
  Chapter                  = {8},
  Edition                  = {3},
  Note                     = {An optional note},
  Pages                    = {201-213},
  Publisher                = {The name of the publisher},
  Series                   = {5},
  Volume                   = {4},

  Address                  = {The address of the publisher},
  Month                    = {7}
}

@Incollection{incollection,
  Title                    = {The title of the work},
  Author                   = {Peter Farindon},
  Booktitle                = {The title of the book},
  Editor                   = {The editor},
  Year                     = {1993},
  Chapter                  = {8},
  Edition                  = {3},
  Note                     = {An optional note},
  Pages                    = {201-213},
  Publisher                = {The name of the publisher},
  Series                   = {5},
  Volume                   = {4},

  Address                  = {The address of the publisher},
  Month                    = {7}
}

@Manual{manual,
  Title                    = {The title of the work},
  Author                   = {Peter Gainsford},
  Year                     = {1993},
  Edition                  = {3},
  Note                     = {An optional note},
  Organization             = {The organization},

  Address                  = {The address of the publisher},
  Month                    = {7}
}

@Online{online1,
  Title                    = {Google Search Engine},
  Author                   = {Google},
  Url                      = {http://google.fr},
  Urldate                  = {2015-10-23},

  Owner                    = {seb},
  Timestamp                = {2015.09.23}
}

@Mastersthesis{mastersthesis,
  Title                    = {The title of the work},
  Author                   = {Peter Harwood},
  Year                     = {1993},
  Month                    = {7},
  Note                     = {An optional note},

  Address                  = {The address of the publisher},
  School                   = {The school where the thesis was written}
}

@Misc{misc,
  Title                    = {The title of the work},
  Author                   = {Peter Isley},
  Year                     = {1993},
  HowPublished             = {How it was published},
  Month                    = {7},
  Note                     = {An optional note}
}

@Phdthesis{phdthesis,
  Title                    = {The title of the work},
  Author                   = {Peter Joslin},
  Year                     = {1993},
  Month                    = {7},
  Note                     = {An optional note},

  Address                  = {The address of the publisher},
  School                   = {The school where the thesis was written}
}

@Techreport{techreport,
  Title                    = {The title of the work},
  Author                   = {Peter Lambert},
  Institution              = {The institution that published},
  Year                     = {1993},
  Month                    = {7},
  Note                     = {An optional note},
  Number                   = {2},

  Address                  = {The address of the publisher}
}

@Unpublished{unpublished,
  Title                    = {The title of the work},
  Author                   = {Peter Marcheford},
  Year                     = {1993},
  Month                    = {7},
  Note                     = {An optional note}
}

@Proceedings{proceedings,
  Title                    = {The title of the work},
  Editor                   = {Peter Kidwelly},
  Year                     = {1993},
  Month                    = {7},
  Note                     = {An optional note},
  Organization             = {The organization},
  Publisher                = {The name of the publisher},
  Series                   = {5},
  Volume                   = {4},

  Address                  = {The address of the publisher}
}

@Online{online2,
  Title                    = {CTAN},
  Url                      = {https://www.ctan.org/},
  Urldate                  = {2015-10-23},

  Owner                    = {seb},
  Timestamp                = {2015.09.23}
}

