@inbook {key2,
	title = {Dissimilarity Analysis and Application to Visual Comparisons of Hidden Markov Models},
	booktitle = {Foundations of Computational, Intelligence Volume 1},
	series = {Studies in Computational Intelligence},
	volume = {201},
	year = {2009},
	pages = {333-361},
	publisher = {Springer Berlin Heidelberg},
	organization = {Springer Berlin Heidelberg},
	isbn = {978-3-642-01081-1, 978-3-642-01082-8},
	doi = {10.1007/978-3-642-01082-8_13},
	url = {http://dx.doi.org/10.1007/978-3-642-01082-8_13},
	author = {S{\'e}bastien Aupetit and Nicolas Monmarch{\'e} and Liardet, Pierre and Mohamed Slimane},
	editor = {Hassanien, Aboul-Ella and Abraham, Ajith and Vasilakos, AthanasiosV. and Pedrycz, Witold},
	annote= "blah blah"
}


@inbook {key1,
	title = {Hidden Markov Models Training Using Population-based Metaheuristics},
	booktitle = {Advances in Metaheuristics for Hard Optimization},
	series = {Natural Computing Series},
	year = {2008},
	pages = {415-438},
	publisher = {Springer Berlin Heidelberg},
	organization = {Springer Berlin Heidelberg},
	address = {Berlin, Heidelberg},
	isbn = {978-3-540-72959-4},
	doi = {10.1007/978-3-540-72960-0_20},
	url = {http://dx.doi.org/10.1007/978-3-540-72960-0_20},
	author = {S{\'e}bastien Aupetit and Nicolas Monmarch{\'e} and Mohamed Slimane},
	editor = {Patrick Siarry and Michalewicz, Zbigniew},
}
